@Manual{r-base,
  title = {R: A Language and Environment for Statistical Computing},
  author = {{R Core Team}},
  organization = {R Foundation for Statistical Computing},
  address = {Vienna, Austria},
  year = {2020},
  url = {https://www.R-project.org/},
}

@Manual{r-stats-book,
  title = {Наглядная статистика. Используем R!},
  author = {{А.Б. Шипунов, Е.М. Балдин, П.А. Волкова, А.И. Коробейников, С.А. Назарова, С.В. Петров, В.Г. Суфиянов.}},
  organization = {ДМК Пресс},
  address = {Москва, Росія},
  year = {2012}
}

@Manual{r-studio-site,
  title = {RStudio official website},
  organization = {RStudio, PBC},
  address = {250 Northern Ave, Boston, MA 02210},
  year = {2021},
  url = {https://rstudio.com/},
}

@Manual{anaconda-site,
  title = {Anaconda. The World's Most Popular Data Science Platform},
  organization = {Anaconda Inc},
  address = {206 379 Broadway Ave., Suite 310
New York, NY 10013, USA},
  year = {2021},
  url = {https://www.anaconda.com/},
}

@Manual{vs-code,
  title = {Visual Studio Code},
  organization = {Microsoft},
  year = {2021},
  url = {https://code.visualstudio.com/},
}


@Manual{visual-studio,
  title = {Visual Studio Community Edition},
  organization = {Microsoft},
  year = {2021},
  url = {https://visualstudio.microsoft.com/},
}


@Manual{google-collab,
  title = {Google Colaboratory},
  organization = {Google LLC},
  year = {2021},
  url = {https://colab.research.google.com/},
}

@Book{knitr,
  title = {Dynamic Documents with {R} and knitr},
  author = {Yihui Xie},
  publisher = {Chapman and Hall/CRC},
  address = {Boca Raton, Florida},
  year = {2015},
  edition = {2nd},
  note = {ISBN 978-1498716963},
  url = {https://yihui.org/knitr/},
}

@Book{rmarkdown,
  title = {R Markdown Cookbook},
  author = {Yihui Xie and Christophe Dervieux and Emily Riederer},
  publisher = {Chapman and Hall/CRC},
  address = {Boca Raton, Florida},
  year = {2020},
  note = {ISBN 9780367563837},
  url = {https://bookdown.org/yihui/rmarkdown-cookbook},
}

 @misc{w3schools-for, 
  title={R for loop},
  url={https://www.w3schools.com/r/r_for_loop.asp}, 
  journal={W3Schools}
} 

 @misc{w3schools-while, 
  title={R while loop},
  url={https://www.w3schools.com/r/r_while_loop.asp}, 
  journal={W3Schools}
} 

 @misc{r-bloggers-repeat, title={R repeat Loop}, url={https://www.r-bloggers.com/2022/07/r-repeat-loop/}, journal={R-Bloggers.com}, author={sabir}} 


@Manual{quarto,
    title = {quarto: R Interface to 'Quarto' Markdown Publishing System},
    author = {JJ Allaire},
    year = {2022},
    note = {R package version 1.2},
    url = {https://CRAN.R-project.org/package=quarto},
  }

 @misc{git,     
     url={https://cran.r-project.org/},
     journal={The Comprehensive R Archive Network}
} 

 @misc{github,     
     url={https://cran.r-project.org/},
     journal={The Comprehensive R Archive Network}
} 


 @Manual{caret,
    title = {caret: Classification and Regression Training},
    author = {Max Kuhn},
    year = {2022},
    note = {R package version 6.0-93},
    url = {https://CRAN.R-project.org/package=caret},
  }

  @Article{mlr3,
    title = {{mlr3}: A modern object-oriented machine learning framework in {R}},
    author = {Michel Lang and Martin Binder and Jakob Richter and Patrick Schratz and Florian Pfisterer and Stefan Coors and Quay Au and Giuseppe Casalicchio and Lars Kotthoff and Bernd Bischl},
    journal = {Journal of Open Source Software},
    year = {2019},
    month = {dec},
    doi = {10.21105/joss.01903},
    url = {https://joss.theoj.org/papers/10.21105/joss.01903},
  }
  
  @Manual{shiny,
    title = {shiny: Web Application Framework for R},
    author = {Winston Chang and Joe Cheng and JJ Allaire and Carson Sievert and Barret Schloerke and Yihui Xie and Jeff Allen and Jonathan McPherson and Alan Dipert and Barbara Borges},
    year = {2022},
    note = {R package version 1.7.3},
    url = {https://CRAN.R-project.org/package=shiny},
  }

  @Manual{shinydashboard,
    title = {shinydashboard: Create Dashboards with 'Shiny'},
    author = {Winston Chang and Barbara {Borges Ribeiro}},
    year = {2021},
    note = {R package version 0.7.2},
    url = {https://CRAN.R-project.org/package=shinydashboard},
  }

  @Manual{flexdashboard,
    title = {flexdashboard: R Markdown Format for Flexible Dashboards},
    author = {Carson Sievert and Richard Iannone and JJ Allaire and Barbara Borges},
    year = {2022},
    note = {R package version 0.6.0},
    url = {https://CRAN.R-project.org/package=flexdashboard},
  }